%% This BibTeX bibliography file was created using BibDesk.
%% http://bibdesk.sourceforge.net/


%% Created for Bryan Head at 2012-11-10 00:58:01 -0600 


%% Saved with string encoding Western (ASCII) 



@article{zhao2005,
	Author = {Zhao, Ying and Karypis, George and Fayyad, Usama M.},
	Date-Added = {2012-11-10 00:54:38 -0600},
	Date-Modified = {2012-11-10 00:57:25 -0600},
	Journal = {Data Mining and Knowledge Discovery},
	Month = {March},
	Number = {2},
	Pages = {141-168},
	Title = {Hierarchical Clustering Algorithms for Document Datasets},
	Volume = {10},
	Year = {2005}}

@inproceedings{steinbach2000,
	Author = {Steinbach, M. and Karypis, G. and Kumar, V.},
	Booktitle = {KDD Workshop on Text Mining},
	Date-Added = {2012-11-10 00:49:53 -0600},
	Date-Modified = {2012-11-10 00:55:48 -0600},
	Keywords = {K-means, hierarchical clustering, document clustering},
	Title = {A Comparison of Document Clustering Techniques},
	Year = {2000}}

@article{robertson2004,
	Author = {Stephen Robertson},
	Date-Added = {2012-11-10 00:45:27 -0600},
	Date-Modified = {2012-11-10 00:51:35 -0600},
	Journal = {Journal of Documentation},
	Month = {520},
	Number = {5},
	Pages = {503},
	Title = {Understanding Inverse Document Frequency: On theoretical arguments for IDF},
	Volume = {60},
	Year = {2004}}

@article{aizawa2003,
	Author = {Akiko Aizawa},
	Date-Added = {2012-11-10 00:38:49 -0600},
	Date-Modified = {2012-11-10 00:44:40 -0600},
	Journal = {Information Processing and Management},
	Keywords = {tf--idf; Term weighting theories; Information theory; Text categorization},
	Pages = {45-65},
	Title = {An information-theoretic perspective of tf--idf measures},
	Volume = {39},
	Year = {2003}}
